%% This BibTeX bibliography file was created using BibDesk.
%% http://bibdesk.sourceforge.net/

%% Created for Sascha Patrick Lorenz at 2014-12-13 12:59:16 +0100 


%% Saved with string encoding Unicode (UTF-8) 



@misc{ga13,
	Author = {Janessa Rivera},
	Date-Added = {2014-12-12 21:19:05 +0000},
	Date-Modified = {2014-12-12 21:19:57 +0000},
	Howpublished = {Gartner},
	Month = {06},
	Title = {Gartner Survey Big Data},
	Year = {2013}}

@misc{sp14,
	Author = {Apache},
	Date-Added = {2014-12-12 21:17:30 +0000},
	Date-Modified = {2014-12-12 21:18:55 +0000},
	Month = {10},
	Title = {Cluster Mode Overview URL: \url {http://spark.apache.org/docs/latest/cluster-overview.html}},
	Year = {2014}}

@misc{xi12,
	Author = {C. Xia},
	Date-Added = {2014-12-12 21:14:08 +0000},
	Date-Modified = {2014-12-12 21:17:18 +0000},
	Month = {05},
	Title = {Work Structure of MapReduce URL: \url {http://xiaochongzhang.me/blog/wp-content/uploads/2013/05/MapReduce_Work_Structure.png}},
	Year = {2013}}

@misc{xg13,
	Author = {Xin, Gonzales et al},
	Date-Added = {2014-12-12 21:10:57 +0000},
	Date-Modified = {2014-12-13 11:59:16 +0000},
	Howpublished = {Amplab UC Berkeley},
	Month = {08},
	Title = {A Resilient Distributed Graph System on Spark URL: \url {https://amplab.cs.berkeley.edu/publication/graphx-grades}},
	Year = {2013}}

@misc{cm13,
	Author = {Cade Metz},
	Date-Added = {2014-12-12 21:08:40 +0000},
	Date-Modified = {2014-12-12 21:10:41 +0000},
	Howpublished = {Wired.com},
	Month = {06},
	Title = {Spark: Open Source Superstar Rewrites Future of Big Data URL: \url {http://www.wired.com/2013/06/yahoo-amazon-amplab-spark/all/}},
	Year = {2013}}

@misc{ho14,
	Author = {Hortonworks},
	Date-Added = {2014-12-12 21:07:22 +0000},
	Date-Modified = {2014-12-12 21:08:36 +0000},
	Month = {04},
	Title = {Hadoop Distributed File System URL: \url {http://hortonworks.com/hadoop/hdfs/}},
	Year = {2014}}

@misc{ks10,
	Author = {K.V. Shvachko},
	Date-Added = {2014-12-12 21:05:29 +0000},
	Date-Modified = {2014-12-12 21:07:12 +0000},
	Month = {04},
	Title = {HDFS Scalability: The limits to growth URL: \url {https://www.usenix.org/legacy/publications/login/2010-04/openpdfs/shvachko.pdf}},
	Year = {2010}}

@misc{me13,
	Author = {Apache Mesos},
	Date-Added = {2014-12-12 21:02:59 +0000},
	Date-Modified = {2014-12-12 21:04:46 +0000},
	Month = {10},
	Title = {Mesos Framework Development Guide URL: \url {http://mesos.apache.org/m/}},
	Year = {2013}}

@misc{al13,
	Author = {UC Berkeley},
	Date-Added = {2014-12-12 21:00:50 +0000},
	Date-Modified = {2014-12-12 21:02:55 +0000},
	Month = {2},
	Title = {The Berkeley Data Analytics Stack URL: \url {https://amplab.cs.berkeley.edu/software/}},
	Year = {2013}}

@misc{hw14,
	Author = {Steve Loughran},
	Date-Added = {2014-12-12 20:58:21 +0000},
	Date-Modified = {2014-12-12 21:00:35 +0000},
	Month = {3},
	Title = {Products that include Apache Hadoop or derivative works and Commercial Support URL: \url {http://wiki.apache.org/hadoop/Distributions%20and%20Commercial%20Support}},
	Year = {2014}}

@misc{ml10,
	Author = {Mike Loukides},
	Date-Added = {2014-12-12 20:25:23 +0000},
	Date-Modified = {2014-12-12 20:54:38 +0000},
	Month = {10},
	Title = {What is data science? URL: \url {http://radar.oreilly.com/2010/06/what-is-data-science.html}},
	Year = {2010}}

@misc{jt11,
	Author = {James Turner},
	Date-Added = {2014-12-12 20:12:02 +0000},
	Date-Modified = {2014-12-12 20:54:21 +0000},
	Month = {3},
	Title = {Hadoop: What it is, how it works and what can it do URL: \url{http://radar.oreilly.com/2011/01/what-is-hadoop.html}},
	Year = {2010}}

@misc{bk14,
	Author = {BITKOM},
	Date-Added = {2014-12-11 21:48:49 +0000},
	Date-Modified = {2014-12-12 20:54:03 +0000},
	Month = {2},
	Title = {Big-Data-Technologien -- Wissen f{\"u}r Entscheider URL: \url{http://www.bitkom.org/files/documents/BITKOM_Leitfaden_Big-Data-Technologien-Wissen_fuer_Entscheider_Febr_2014.pdf}},
	Year = {2014}}

@misc{dumbhill,
	Author = {Edd Dumbhill},
	Date-Added = {2014-12-07 14:19:20 +0000},
	Date-Modified = {2014-12-12 20:26:18 +0000},
	Lastchecked = {2014/11/28},
	Month = {11},
	Title = {What is big data? URL: \url {http://radar.oreilly.com/2012/01/what-is-big-data.htm}},
	Url = {http://radar.oreilly.com/2012/01/what-is-big-data.html},
	Urldate = {2011/11/01},
	Year = {2011},
	Bdsk-Url-1 = {http://radar.oreilly.com/2012/01/what-is-big-data.html}}
