%% This BibTeX bibliography file was created using BibDesk.
%% http://bibdesk.sourceforge.net/

%% Created for Sascha Patrick Lorenz at 2014-12-13 15:22:45 +0100 


%% Saved with string encoding Unicode (UTF-8) 



@book{nrc13,
	Author = {National Research Council},
	Date-Added = {2014-12-13 14:08:58 +0000},
	Date-Modified = {2014-12-13 14:11:15 +0000},
	Publisher = {National Academic Press},
	Title = {Frontiers in Massive Data Analysis},
	Year = {2013}}

@book{tw13,
	Author = {Tom White},
	Date-Added = {2014-12-13 14:07:07 +0000},
	Date-Modified = {2014-12-13 14:08:34 +0000},
	Publisher = {O'Reilly},
	Title = {Hadoop: The Definitive Guide},
	Volume = {2nd Edition},
	Year = {2013}}

@book{va14,
	Author = {Vijay Agneeswaran},
	Date-Added = {2014-12-13 13:56:32 +0000},
	Date-Modified = {2014-12-13 13:57:51 +0000},
	Publisher = {Pearson},
	Title = {Big Data Analytics Beyond Hadoop},
	Year = {2014}}

@book{rk13,
	Author = {Rudi Klausnitzer},
	Date-Added = {2014-12-07 14:01:07 +0000},
	Date-Modified = {2014-12-07 14:05:24 +0000},
	Publisher = {Ecowin Verlag},
	Title = {Das Ende des Zufalls : wie Big Data uns und unser Leben vorhersagbar macht.},
	Year = {2013}}
